@inbook{strogatz2007nonlinear,
  chapter={7},
  pages={198},
  title={Nonlinear Dynamics And Chaos},
  author={Strogatz, S.H.},
  isbn={9788187169857},
  series={Studies in nonlinearity},
  url={https://books.google.co.uk/books?id=PHmED2xxrE8C},
  year={2007},
  publisher={Sarat Book House}
}

@article{krupa2001,
  author    = {Martin Krupa and
               Peter Szmolyan},
  title     = {Extending Geometric Singular Perturbation Theory to Nonhyperbolic
               Points - Fold and Canard Points in Two Dimensions},
  journal   = {{SIAM} J. Math. Analysis},
  volume    = {33},
  number    = {2},
  pages     = {286--314},
  year      = {2001}
}

@book{Bible,
series = {Applied Mathematical Sciences},
volume = {191},
publisher = {Springer International Publishing},
isbn = {978-3-319-12315-8},
year = {2015},
title = {Multiple Time Scale Dynamics},
language = {eng},
address = {Cham},
author = {Kuehn, Christian},
keywords = {Mathematics -- Dynamical Systems and Ergodic Theory; Mathematics -- Theoretical, Mathematical and Computational Physics; Mathematics -- Computational Mathematics and Numerical Analysis; Mathematics -- Ordinary Differential Equations; Mathematics -- Probability Theory and Stochastic Processes},
}


@book{Riccati,
	title={Differential Equations with Small Parameters and Relaxation Oscillations},
	author={Mishchenko, E.},
	isbn={9781461590491},
	series={Mathematical Concepts and Methods in Science and Engineering},
	url={https://books.google.co.uk/books?id=\_UFZmQEACAAJ},
	year={2012},
	publisher={Springer US}
}


@inbook{Eckhaus,
	author = {Eckhaus, Wiktor},
	year = {1970},
	month = {01},
	pages = {449-494},
	title = {Relaxation oscillations including a standard chase on French ducks},
	volume = {985},
	journal = {Asymptotic analysis, II},
	publisher={Springer},
	doi = {10.1007/BFb0062381}
}



